<?xml version="1.0" encoding="UTF-8"?>
<record xmlns="http://www.loc.gov/MARC21/slim" xmlns:xsi="http://www.w3.org/2001/XMLSchema-instance" xsi:schemaLocation="http://www.loc.gov/MARC21/slim http://www.loc.gov/standards/marcxml/schema/MARC21slim.xsd">
<leader>00000cam a22      a 4500</leader>
<controlfield tag="001">001679502</controlfield>
<controlfield tag="003">NNU</controlfield>
<controlfield tag="005">20160119154533.0</controlfield>
<controlfield tag="008">960801s1959    sy            000 0 ara d</controlfield>
<datafield tag="035" ind1=" " ind2=" ">
<subfield code="a">(OCoLC)80829662</subfield>
</datafield>
<datafield tag="040" ind1=" " ind2=" ">
<subfield code="a">MH</subfield>
<subfield code="b">eng</subfield>
<subfield code="c">HLS</subfield>
<subfield code="d">OCLCF</subfield>
<subfield code="d">OCLCO</subfield>
<subfield code="d">OCLCQ</subfield>
<subfield code="d">NNU</subfield>
</datafield>
<datafield tag="050" ind1=" " ind2="4">
<subfield code="a">HX550.I8</subfield>
<subfield code="b">B88 1959</subfield>
</datafield>
<datafield tag="100" ind1="1" ind2=" ">
<subfield code="6">880-01</subfield>
<subfield code="a">Būṭī, Muḥammad Saʻīd Ramaḍān.</subfield>
</datafield>
<datafield tag="245" ind1="1" ind2="3">
<subfield code="6">880-02</subfield>
<subfield code="a">al-Madhhab al-iqtiṣādī bayna al-Shuyūʻīyah wa-al-Islām :</subfield>
<subfield code="b">taḥlīl ʻilmī amīn li-kulli min al-madhhabayn ʻalá ḥaddih.</subfield>
</datafield>
<datafield tag="250" ind1=" " ind2=" ">
<subfield code="6">880-03</subfield>
<subfield code="a">al-Ṭabʻah 1.</subfield>
</datafield>
<datafield tag="260" ind1=" " ind2=" ">
<subfield code="6">880-04</subfield>
<subfield code="a">Dimashq :</subfield>
<subfield code="b">al-Maktabah al-Amawīyah,</subfield>
<subfield code="c">1959.</subfield>
</datafield>
<datafield tag="300" ind1=" " ind2=" ">
<subfield code="a">127 pages</subfield>
</datafield>
<datafield tag="336" ind1=" " ind2=" ">
<subfield code="a">text</subfield>
<subfield code="b">txt</subfield>
<subfield code="2">rdacontent</subfield>
</datafield>
<datafield tag="337" ind1=" " ind2=" ">
<subfield code="a">unmediated</subfield>
<subfield code="b">n</subfield>
<subfield code="2">rdamedia</subfield>
</datafield>
<datafield tag="338" ind1=" " ind2=" ">
<subfield code="a">volume</subfield>
<subfield code="b">nc</subfield>
<subfield code="2">rdacarrier</subfield>
</datafield>
<datafield tag="650" ind1=" " ind2="0">
<subfield code="a">Islam</subfield>
<subfield code="x">Economic aspects.</subfield>
</datafield>
<datafield tag="650" ind1=" " ind2="0">
<subfield code="a">Communism and Islam.</subfield>
</datafield>
<datafield tag="650" ind1=" " ind2="0">
<subfield code="a">Economics</subfield>
<subfield code="x">Religious aspects</subfield>
<subfield code="x">Islam.</subfield>
</datafield>
<datafield tag="650" ind1=" " ind2="7">
<subfield code="a">Communism and Islam.</subfield>
<subfield code="2">fast</subfield>
<subfield code="0">(OCoLC)fst00870476</subfield>
</datafield>
<datafield tag="650" ind1=" " ind2="7">
<subfield code="a">Economics</subfield>
<subfield code="x">Religious aspects</subfield>
<subfield code="x">Islam.</subfield>
<subfield code="2">fast</subfield>
<subfield code="0">(OCoLC)fst00902190</subfield>
</datafield>
<datafield tag="650" ind1=" " ind2="7">
<subfield code="a">Islam</subfield>
<subfield code="x">Economic aspects.</subfield>
<subfield code="2">fast</subfield>
<subfield code="0">(OCoLC)fst00979791</subfield>
</datafield>
<datafield tag="880" ind1="1" ind2=" ">
<subfield code="6">100-01/</subfield>
<subfield code="a">بوطي، محمد سعيد رمضان.</subfield>
</datafield>
<datafield tag="880" ind1="1" ind2="2">
<subfield code="6">245-02/</subfield>
<subfield code="a">المذهب الاقتصادي بين الشيوعية والاسلام :</subfield>
<subfield code="b">تحليل علمي امين لكل من المذهبين على حده.</subfield>
</datafield>
<datafield tag="880" ind1=" " ind2=" ">
<subfield code="6">250-03/</subfield>
<subfield code="a">الطبعة 1.</subfield>
</datafield>
<datafield tag="880" ind1=" " ind2=" ">
<subfield code="6">260-04/</subfield>
<subfield code="a">دمشق :</subfield>
<subfield code="b">المكتبة الاموية،</subfield>
<subfield code="c">1959.</subfield>
</datafield>
<datafield tag="OWN" ind1=" " ind2=" ">
<subfield code="a">GENERAL</subfield>
</datafield>
<datafield tag="AVA" ind1=" " ind2=" ">
<subfield code="a">NYU50</subfield>
<subfield code="b">BOBST</subfield>
<subfield code="c">Main Collection</subfield>
<subfield code="d">HX550.I8 B8</subfield>
<subfield code="e">unavailable</subfield>
<subfield code="t">Unavailable</subfield>
<subfield code="f">1</subfield>
<subfield code="g">1</subfield>
<subfield code="h">N</subfield>
<subfield code="i">0</subfield>
<subfield code="j">MAIN</subfield>
<subfield code="k">0</subfield>
</datafield>
</record>
